@misc{government_2022,
  title={COP26 declaration on accelerating the transition to 100% zero emission cars and Vans},
  url={https://www.gov.uk/government/publications/cop26-declaration-zero-emission-cars-and-vans/cop26-declaration-on-accelerating-the-transition-to-100-zero-emission-cars-and-vans#signatories},
  journal={GOV.UK}, 
  author={UK Government}, 
  year={2022}, 
  month={Jun}
}

@misc{iea_2022,
  title={Electric cars fend off supply challenges to more than double global sales – analysis},
  url={https://www.iea.org/commentaries/electric-cars-fend-off-supply-challenges-to-more-than-double-global-sales},
  journal={IEA}, 
  author={Iea},
  year={2022},
  month={Jan}
} 

@article{kmeans_layout,
  author = {Hiwatari, Ryoji and Ikeya, Tomohiko and Okano, Kunihiko},
  year = {2011},
  month = {09},
  pages = {1-6},
  title = {A road traffic simulator to analyze layout and effectiveness of rapid charging infrastructure for electric vehicle},
  doi = {10.1109/VPPC.2011.6043186}
}

@article{niccolai2021optimization,
  title={Optimization of electric vehicles charging station deployment by means of evolutionary algorithms},
  author={Niccolai, Alessandro and Bettini, Leonardo and Zich, Riccardo},
  journal={International Journal of Intelligent Systems},
  volume={36},
  number={9},
  pages={5359--5383},
  year={2021},
  publisher={Wiley Online Library}
}

@article{zhu2016charging,
  title={Charging station location problem of plug-in electric vehicles},
  author={Zhu, Zhi-Hong and Gao, Zi-You and Zheng, Jian-Feng and Du, Hao-Ming},
  journal={Journal of Transport Geography},
  volume={52},
  pages={11--22},
  year={2016},
  publisher={Elsevier}
}

@article{kinay2021full,
  title={Full cover charging station location problem with routing},
  author={K{\i}nay, {\"O}mer Burak and Gzara, Fatma and Alumur, Sibel A},
  journal={Transportation Research Part B: Methodological},
  volume={144},
  pages={1--22},
  year={2021},
  publisher={Elsevier}
}

@book{chang2008introduction,
  title={Introduction to geographic information systems},
  author={Chang, Kang-Tsung},
  volume={4},
  year={2008},
  publisher={McGraw-Hill Boston}
}

@book{mitchell1998introduction,
  title={An introduction to genetic algorithms},
  author={Mitchell, Melanie},
  year={1998},
  publisher={MIT press}
}

@inproceedings{macqueen1967classification,
  title={Classification and analysis of multivariate observations},
  author={MacQueen, J},
  booktitle={5th Berkeley Symp. Math. Statist. Probability},
  pages={281--297},
  year={1967}
}

@book{russell2010artificial,
  title={Artificial intelligence a modern approach},
  author={Russell, Stuart J},
  year={2010},
  publisher={Pearson Education, Inc.}
}

@article{matloff2008introduction,
  title={Introduction to discrete-event simulation and the simpy language},
  author={Matloff, Norm},
  journal={Davis, CA. Dept of Computer Science. University of California at Davis. Retrieved on August},
  volume={2},
  number={2009},
  pages={1--33},
  year={2008}
}

@misc{corob-msft_2022,
  title={Use the Microsoft Unit Testing Framework for C++ - Visual Studio (windows)},
  url={https://docs.microsoft.com/en-us/visualstudio/test/how-to-use-microsoft-test-framework-for-cpp?view=vs-2019},
  journal={Use the Microsoft Unit Testing Framework for C++ - Visual Studio (Windows) | Microsoft Docs},
  author={Corob-Msft, © Microsoft 2022},
  year={2022},
  month={Apr}
} 